<record><leader>00000cas a2200000 a 4500</leader><controlfield tag="001">5094158</controlfield><controlfield tag="008">790622d19721993cauwr ne      0   a0eng c</controlfield><datafield ind1=" " ind2=" " tag="010"><subfield code="a">sn 79007016 </subfield></datafield><datafield ind1=" " ind2=" " tag="040"><subfield code="a">NSD</subfield><subfield code="b">eng</subfield><subfield code="c">NSD</subfield><subfield code="d">CNK</subfield><subfield code="d">OCLCQ</subfield><subfield code="d">OCLCF</subfield><subfield code="d">OCLCO</subfield></datafield><datafield ind1=" " ind2=" " tag="012"><subfield code="k">1</subfield><subfield code="m">c</subfield></datafield><datafield ind1="1" ind2=" " tag="022"><subfield code="a">0192-0278</subfield><subfield code="l">0192-0278</subfield><subfield code="2">1</subfield></datafield><datafield ind1=" " ind2=" " tag="032"><subfield code="a">439250</subfield><subfield code="b">USPS</subfield></datafield><datafield ind1=" " ind2=" " tag="042"><subfield code="a">nsdp</subfield><subfield code="a">pcc</subfield></datafield><datafield ind1=" " ind2=" " tag="043"><subfield code="a">n-us-ca</subfield></datafield><datafield ind1=" " ind2="0" tag="222"><subfield code="a">Sunnyvale valley journal</subfield></datafield><datafield ind1="0" ind2="0" tag="245"><subfield code="a">Sunnyvale valley journal.</subfield></datafield><datafield ind1="3" ind2="0" tag="246"><subfield code="a">Sunnyvale-Cupertino valley journal</subfield></datafield><datafield ind1=" " ind2=" " tag="260"><subfield code="a">Sunnyvale, Calif. :</subfield><subfield code="b">Standard Media</subfield></datafield><datafield ind1=" " ind2=" " tag="300"><subfield code="a">v.</subfield></datafield><datafield ind1=" " ind2=" " tag="310"><subfield code="a">Weekly,</subfield><subfield code="b">May 2, 1979-Mar. 10, 1993</subfield></datafield><datafield ind1=" " ind2=" " tag="321"><subfield code="a">Semiweekly,</subfield><subfield code="b">&lt;Sept. 6, 1972&gt;-Apr. 28, 1979</subfield></datafield><datafield ind1="1" ind2=" " tag="362"><subfield code="a">Began in 1972.</subfield></datafield><datafield ind1="0" ind2=" " tag="362"><subfield code="a">-Mar. 10, 1993.</subfield></datafield><datafield ind1=" " ind2=" " tag="500"><subfield code="a">Published as: Sunnyvale-Cupertino Valley journal, June 6, 1973-Apr. 19, 1974.</subfield></datafield><datafield ind1=" " ind2=" " tag="500"><subfield code="a">Various geographic eds. published.</subfield></datafield><datafield ind1=" " ind2=" " tag="530"><subfield code="a">Master negatives are available for duplication from:</subfield><subfield code="b">California Newspaper Microfilm Archive;</subfield><subfield code="c">positive copies may be purchased by the reel; for further information consult the CNMA at:</subfield><subfield code="u">http://cbsr.ucr.edu</subfield></datafield><datafield ind1=" " ind2=" " tag="588"><subfield code="a">Description based on: Sept. 6, 1972.</subfield></datafield><datafield ind1=" " ind2="0" tag="651"><subfield code="a">Sunnyvale (Calif.)</subfield><subfield code="v">Newspapers.</subfield></datafield><datafield ind1=" " ind2="0" tag="651"><subfield code="a">Cupertino (Calif.)</subfield><subfield code="v">Newspapers.</subfield></datafield><datafield ind1=" " ind2="7" tag="655"><subfield code="a">Newspapers.</subfield><subfield code="2">fast</subfield><subfield code="0">(OCoLC)fst01423814</subfield></datafield><datafield ind1=" " ind2="7" tag="651"><subfield code="a">California</subfield><subfield code="z">Cupertino.</subfield><subfield code="2">fast</subfield><subfield code="0">(OCoLC)fst01215497</subfield></datafield><datafield ind1=" " ind2="7" tag="651"><subfield code="a">California</subfield><subfield code="z">Sunnyvale.</subfield><subfield code="2">fast</subfield><subfield code="0">(OCoLC)fst01213437</subfield></datafield><datafield ind1=" " ind2=" " tag="752"><subfield code="a">United States</subfield><subfield code="b">California</subfield><subfield code="c">Santa Clara</subfield><subfield code="d">Sunnyvale.</subfield></datafield><datafield ind1="0" ind2="1" tag="780"><subfield code="t">Valley journal (Sunnyvale, Calif.)</subfield><subfield code="w">(DLC)sn 93053406</subfield></datafield><datafield ind1=" " ind2=" " tag="936"><subfield code="a">Apr. 4, 1979 (surrogate)</subfield></datafield></record>